@Book{book,
author = {J. C. Pr√≠ncipe, et al.},
title = { Neural and Adaptive Systems: Fundamentals Through
Simulations},
publisher = {New York: Wiley},
year = {1999},
}

@incollection{alexnet,
author = {Alex Krizhevsky, Ilya Sutskever, Geoffrey E Hinton
},
title = {Imagenet classification with deep convolutional neural networks},
booktitle = {Advances in neural information processing systems
},
date = {2012},
pages = {1097-1105},
}

@misc{convnets,
author = {Michael Nielsen},
title = {Chapter 6: Deep learning},
date = {Jan 2006},
howpublished = {electronic},
url = {http://neuralnetworksanddeeplearning.com/chap6.html},
}
